<?xml version="1.0" encoding="UTF-8"?><record xmlns="http://www.loc.gov/MARC21/slim" xmlns:cinclude="http://apache.org/cocoon/include/1.0" xmlns:zs="http://www.loc.gov/zing/srw/">
  <leader>00337nz  a2200121n  4500</leader>
  <controlfield tag="001">n  95030926 </controlfield>
  <controlfield tag="003">DLC</controlfield>
  <controlfield tag="005">19950329155053.0</controlfield>
  <controlfield tag="008">950329n| acannaab|          |n aaa ||| c</controlfield>
  <datafield tag="010" ind1=" " ind2=" ">
    <subfield code="a">n  95030926 </subfield>
  </datafield>
  <datafield tag="040" ind1=" " ind2=" ">
    <subfield code="a">CU</subfield>
    <subfield code="c">CU</subfield>
  </datafield>
  <datafield tag="100" ind1="1" ind2="0">
    <subfield code="a">Paquet, Regina</subfield>
  </datafield>
  <datafield tag="670" ind1=" " ind2=" ">
    <subfield code="a">Ab ovo--aus den AnfaĚngen der UniversitaĚt des Saarlandes, 1994:</subfield>
    <subfield code="b">t.p. (Regina Paquet)</subfield>
  </datafield>
</record>